<?xml version="1.0" encoding="UTF-8"?><collection xmlns="http://www.loc.gov/MARC21/slim"><record><leader>00365nam--2200133-i-4500</leader><controlfield tag="001">000031432</controlfield><controlfield tag="002">20161230</controlfield><controlfield tag="005">20161230201038</controlfield><controlfield tag="008">060222s1000------------r-----000-0-eng-d</controlfield><datafield ind1=" " ind2=" " tag="080"><subfield code="a">539.1.074.55</subfield></datafield><datafield ind1=" " ind2=" " tag="100"><subfield code="a">Mckenzie, J.M</subfield></datafield><datafield ind1=" " ind2=" " tag="245"><subfield code="a">Index to the literature of semiconductor detectors</subfield></datafield><datafield ind1=" " ind2=" " tag="260"><subfield code="a">Wasington, National Academy Of Science, 1969. 170p</subfield></datafield><datafield ind1=" " ind2=" " tag="852"><subfield code="a">D.1238</subfield></datafield></record></collection>